@InProceedings{10.1007/978-981-10-3773-3_56,
author="Mishra, Shilpi
and Yadav, Virendra Kumar
and Trivedi, Munesh Chandra
and Shrimali, Tarun",
editor="Bhatia, Sanjiv K.
and Mishra, Krishn K.
and Tiwari, Shailesh
and Singh, Vivek Kumar",
title="Audio Steganography Techniques: A Survey",
booktitle="Advances in Computer and Computational Sciences",
year="2018",
publisher="Springer Singapore",
address="Singapore",
pages="581--589",
abstract="Today's web group the protected information exchange is limited because of its assault on information correspondence. Security of information can be accomplished by executing steganography strategies. The greater part of the current steganographic strategies utilize the computerized sight and sound documents as a spread mediums to hide mystery information. There are more potential outcomes to conceal huge measure of information inside advanced sound document. Signals and computerized sound documents make suitable mediums for steganography due to its abnormal state of excess and high information transmission rate. In this paper a study have done on overall standards of concealing mystery facts in sound document utilizing sound information concealing systems, and convey an outline of present strategies and capacities furthermore talk about the favorable circumstances and disservices of diverse sorts of audio steganography method.",
isbn="978-981-10-3773-3"
}

